% Encoding: UTF8

@INPROCEEDINGS{iaco2011,
  author = {Iacoponi, Luca and Savy, Renata},
  title = {Sylli: Automatic Phonological Syllabification for Italian.},
  booktitle = {INTERSPEECH},
  year = {2011},
  pages = {641-644},
  publisher = {ISCA},
  added-at = {2013-01-29T00:00:00.000+0100},
  biburl = {http://www.bibsonomy.org/bibtex/280b93304d09659ebc41db6b92620a7e9/dblp},
   ee = {http://www.isca-speech.org/archive/interspeech_2011/i11_0641.html},
  interhash = {0ec38961588f8500f233155e6b20aa82},
  intrahash = {80b93304d09659ebc41db6b92620a7e9},
  keywords = {dblp},
  timestamp = {2013-01-29T00:00:00.000+0100},
  url = {http://dblp.uni-trier.de/db/conf/interspeech/interspeech2011.html#IacoponiS11}
}

@BOOK{zarva21993,
  title = {Slovar Udarenij russkogo jazyka : okolo 76000 slovarnych edinic},
  publisher = {"Russkij Jazyk"},
  year = {1993},
  author = {Ageenko, Florencija and Zarva, Majja Vladimirovna},
  address = {Moskva},
  owner = {igor},
  timestamp = {2013.12.25}
}

@BOOK{allen1995,
  title = {Natural language understanding},
  publisher = {Benjamin/Cummings},
  year = {1995},
  author = {Allen, James F.},
  address = {Redwood City, Calif},
  owner = {igor},
  timestamp = {2014.01.05}
}

@BOOK{avan1956,
  title = {Fonetika sovremennogo russkogo literaturnogo jazyka},
  publisher = {Izdat. Moskov. Univ.},
  year = {1956},
  author = {Avanesov, Ruben},
  address = {Moskva},
  owner = {igor},
  timestamp = {2013.12.16}
}

@BOOK{baayen2008,
  title = {Analyzing linguistic data : a practical introduction to statistics
	using R},
  publisher = {Cambridge Univ. Press},
  year = {2008},
  author = {R. H. Baayen},
  address = {Cambridge},
  owner = {igor},
  timestamp = {2014.01.11}
}

@BOOK{baayen2001,
  title = {Word Frequency Distributions},
  publisher = {Kluwer},
  year = {2001},
  author = {Baayen, R. H.},
  address = {Dordrecht},
  owner = {igor},
  timestamp = {2013.11.11}
}

@BOOK{bird2009,
  title = {Natural Language Processing with Python},
  publisher = {O'Reilly},
  year = {2009},
  author = {Bird, Steven and Klein, Ewan and Loper, Edward},
  __markedentry = {[igor:]},
  owner = {igor},
  timestamp = {2013.11.11}
}

@BOOK{bolla1968,
  title = {Kurs sovremennogo russkogo jazyka},
  publisher = {Tankönyvkiadó},
  year = {1968},
  author = {Bolla, K. and Pall, Ė. and Papp, F.},
  address = {Budapest},
  owner = {igor},
  timestamp = {2013.12.16}
}

@BOOK{bondarko1998,
  title = {Fonetika sovremennogo russkogo jazyka},
  publisher = {Izd. S.-Peterburgskogo Univ.},
  year = {1998},
  author = {Bondarko},
  address = {St. Petersburg},
  owner = {igor},
  timestamp = {2013.11.11}
}

@INCOLLECTION{cholin2011,
  author = {Cholin, Joana},
  title = {Do Syllables Exist? Psycholinguistic Evidence for the Retrieval of
	
	 Syllabic Units in Speech Production.},
  booktitle = {Handbook of the Syllable},
  publisher = {Leiden},
  year = {2011},
  editor = {Cairns, Charles},
  pages = {225-254},
  owner = {igor},
  timestamp = {2013.11.11}
}

@INCOLLECTION{cote2011,
  author = {Coté, Marie-Helene and Kharlamov, Viktor},
  title = {The Impact of Experimental Tasks on
	
	Syllabification Judgements. A Case Study of Russian},
  booktitle = {Handbook of the Syllable},
  publisher = {Leiden},
  year = {2011},
  editor = {Cairns, Charles},
  pages = {273-294},
  owner = {igor},
  timestamp = {2013.11.11}
}

@ARTICLE{deterding2001,
  author = {Deterding, David},
  title = {The measurement of rhythm. A comparison of Singapore and British
	English.},
  journal = {Journal of Phonetics},
  year = {2001},
  volume = {29},
  pages = {217-230},
  owner = {igor},
  timestamp = {2013.11.11}
}

@BOOK{duan2009,
  title = {Syllable structure : the limits of variation},
  publisher = {Oxford Univ. Press},
  year = {2009},
  author = {Duanmu, San},
  address = {Oxford},
  owner = {igor},
  timestamp = {2014.01.05}
}

@BOOK{hulst22001,
  title = {The phonological structure of words : an introduction},
  publisher = {Cambridge Univ. Press},
  year = {2001},
  author = {Ewen, Colin J. and Hulst, Harry van der},
  booktitle = {The phonological structure of words : an introduction},
  owner = {igor},
  timestamp = {2014.01.05}
}

@INCOLLECTION{gold2011,
  author = {John Goldsmith},
  title = {The syllable},
  booktitle = {The handbook of phonological theory},
  publisher = {Wiley-Blackwell},
  year = {2011},
  editor = {John Goldsmith and Jason Riggle and and Alan Yu},
  address = {Malden, MA [u.a.]},
  owner = {igor},
  timestamp = {2014.01.13}
}

@INCOLLECTION{goldwater2003,
  author = {Goldwater, S. and Johnson, M.},
  title = {Learning OT constraint
	
	rankings using a maximum entropy model.},
  booktitle = {Stockholm
	
	Workshop on Variation within Optimality Theory,},
  publisher = {Stockholm University Press.},
  year = {2003},
  owner = {igor},
  timestamp = {2013.12.20}
}

@BOOK{grish1989,
  title = {Computational linguistics : an introduction},
  publisher = {Cambridge Univ. Press},
  year = {1989},
  author = {Ralph Grishman},
  address = {Cambridge [u.a.]},
  owner = {igor},
  timestamp = {2014.01.20}
}

@INCOLLECTION{itap21997,
  author = {Itapov, J. V and Stepanova, S.B.},
  title = {Podrobnoe opisanie avtomatičeskogo transkriptora orfografičeskogo
	teksta},
  booktitle = {Eksperimentalno-fonetičeskie analiz reči: problemy i metody},
  publisher = {Izdatelstvo St. Peterburgskogo universiteta},
  year = {1997},
  editor = {L. V. Bondarko},
  volume = {3},
  address = {St. Peterburg},
  owner = {igor},
  timestamp = {2014.01.07}
}

@BOOK{ivana2004,
  title = {Novyj orfoepičeskij slovar' russkogo jazyka : proiznošenie, udarenie
	; grammatičeskie formy ; okolo 40000 slov},
  publisher = {Russkij Jazyk Media},
  year = {2004},
  author = {Ivanova, Tat'jana F.},
  address = {Moskva},
  owner = {igor},
  timestamp = {2013.12.25}
}

@BOOK{jurafsky2008,
  title = {Speech and language processing: An introduction to natural language
	processing, computational linguistics, and speech recognition},
  publisher = {Pearson Prentice Hall},
  year = {2008},
  author = {Jurafsky, Dan and Martin, James H},
  address = {Upper Saddle River, NJ},
  edition = {2},
  __markedentry = {[igor:6]},
  owner = {igor},
  timestamp = {2013.11.11}
}

@BOOK{kasatkin2012,
  title = {Bol'šoj orfoepičeskij slovar' russkogo jazyka},
  publisher = {AST-Press Kn.},
  year = {2012},
  author = {M. L. Kalenčuk and L. L. Kasatkin and R. F. Kasatkina},
  address = {Moskva},
  owner = {igor},
  timestamp = {2014.01.05}
}

@BOOK{kalnyn1985,
  title = {Opyt izučenija slova v slavjanskich dialektach},
  publisher = {Nauka},
  year = {1985},
  author = {Kalnyn', Ljudmila E. and Maslennikova, Ljudmila I.},
  address = {Moskva},
  owner = {igor},
  timestamp = {2013.12.16}
}

@BOOK{kasatkin2001,
  title = {Russkij jazyk},
  publisher = {Academia},
  year = {2001},
  author = {Kasatkin, Leonid},
  address = {Moskva},
  owner = {igor},
  timestamp = {2013.11.11}
}

@INCOLLECTION{kavi22011,
  author = {Kavitskaya,Darya and Maria Babyonyshev},
  title = {The Role of Syllable Structure: The case of Russian-Speaking Children
	with SLI},
  booktitle = {Handbook of the Syllable},
  publisher = {Leiden},
  year = {2011},
  editor = {Cairns, Charles},
  pages = {353-371},
  owner = {igor},
  timestamp = {2013.11.11}
}

@BOOK{kelih2012,
  title = {Die Silbe in slawischen Sprachen : von der Optimalitätstheorie zu
	einer funktionalen Interpretation},
  publisher = {Sagner},
  year = {2012},
  author = {Kelih, Emmerich},
  address = {München},
  owner = {igor},
  timestamp = {2013.12.16}
}

@INCOLLECTION{kemp2003,
  author = {Sebastian Kempgen},
  title = {Phonologische Silbentrennung im Russischen},
  booktitle = {Rusistika - Slavistika-Lingvistika. Festschrift für Wemer Lehfeld
	zum 60. Geburtstag},
  publisher = {Sagner},
  year = {2003},
  editor = {Kempgen, Sebastian et al.},
  pages = {195-211},
  address = {München},
  owner = {igor},
  timestamp = {2013.12.20}
}

@ARTICLE{knjazev1999,
  author = {Sergej Knjazev},
  title = {O kriterijah slogodelenija v sovremennom russkom jazyke: Teorija
	volny sonornosti i teorija optimalnosti},
  journal = {Voprosy Jazykoznija},
  year = {1999},
  volume = {1},
  pages = {84-102},
  owner = {igor},
  timestamp = {2013.12.20}
}

@BOOK{kruk2008,
  title = {Orfoepičeskij slovar' russkogo jazyka},
  publisher = {Viktorija plus},
  year = {2008},
  author = {V. Krukover},
  owner = {igor},
  timestamp = {2014.01.08}
}

@BOOK{lebart1998,
  title = {Exploring textual data},
  publisher = {Kluwer},
  year = {1998},
  author = {Lebart, Ludovic and Salem, André and Berry, Lisette},
  address = {Dordrecht},
  owner = {igor},
  timestamp = {2013.11.11}
}

@ARTICLE{leh1971,
  author = {Werner Lehfeldt},
  title = {Ein Algorithmus zur automatischen Silbentrennung},
  journal = {Phonetica},
  year = {1971},
  volume = {24},
  pages = {212-237},
  owner = {igor},
  timestamp = {2013.12.20}
}

@BOOK{mann1999,
  title = {Foundations of statistical natural language processing},
  publisher = {MIT Press},
  year = {1999},
  author = {Manning, Christopher D. and Schütze, Hinrich},
  address = {Cambridge, Mass.},
  owner = {igor},
  timestamp = {2014.01.05}
}

@BOOK{matu1976,
  title = {Sovremennyj russkij jazyk : fonetika ; Učeb. posobie dlja studentov
	ped. in-tov po spec. "Russkij jazyk i literatura"},
  publisher = {Prosveščenie},
  year = {1976},
  author = {Matusevič, Margarita I.},
  address = {Moskva},
  owner = {igor},
  timestamp = {2013.12.16}
}

@BOOK{mckinney2012,
  title = {Python for Data Analysis},
  publisher = {O'Reilly},
  year = {2012},
  author = {Wes McKinney},
  owner = {igor},
  timestamp = {2013.11.11}
}

@BOOK{oakes1998,
  title = {Statistics for corpus linguistics},
  publisher = {Edinburgh Univ. Press},
  year = {1998},
  author = {Oakes, Michael},
  address = {Edinburgh},
  owner = {igor},
  timestamp = {2013.11.11}
}

@BOOK{ooi1998,
  title = {Computer corpus lexicography},
  publisher = {Edinburgh Univ. Press},
  year = {1998},
  author = {Ooi, Vincent B. Y.},
  address = {Edinburgh},
  owner = {igor},
  timestamp = {2014.01.05}
}

@INPROCEEDINGS{padro2012,
  author = {Lluís Padró and Stanilovsky, Evgeny},
  title = {FreeLing 3.0: Towards Wider Multilinguality},
  booktitle = {Proceedings of the Language Resources and Evaluation Conference (LREC
	2012)},
  year = {2012},
  address = {Istanbul, Turkey},
  month = {May},
  organization = {ELRA},
  owner = {igor},
  timestamp = {2013.11.11}
}

@BOOK{pulg1970,
  title = {Syllable, word, nexus, cursus},
  publisher = {Mouton},
  year = {1970},
  author = {Pulgram, Ernst},
  address = {The Hague},
  owner = {igor},
  timestamp = {2013.12.16}
}

@BOOK{rezni2005,
  title = {Orfoepičeskij slovar' russkogo jazyka : proiznošenie, udarenie ;
	okolo 25000 slov},
  publisher = {AST},
  year = {2005},
  author = {Rezničenko, Irina L.},
  address = {Moskva},
  owner = {igor},
  timestamp = {2013.12.25}
}

@BOOK{scherba1983,
  title = {Teorija russkogo pisma},
  publisher = {Nauka},
  year = {1983},
  author = {Ščerba, Lev V.},
  address = {Leningrad},
  owner = {igor},
  timestamp = {2013.11.11}
}

@BOOK{verbi1976,
  title = {Russkaja orfoepija : (k probleme eksperimentalʹno-fonetičeskogo issledovanija
	osobennostej sovremennoj proiznositelʹnoj normy)},
  publisher = {Izdat. Leningradskogo Univ.},
  year = {1976},
  author = {Verbickaja, Ljudmila A.},
  address = {Leningrad},
  owner = {igor},
  timestamp = {2014.01.08}
}

@BOOK{vino1953,
  title = {Grammatika russkogo jazyka},
  publisher = {Academy of Science of the USSR},
  year = {1953},
  author = {Vinogradov, Viktor and Istrina, Evgenija and Barkhudarov, Stepan},
  address = {Moskva},
  owner = {igor},
  timestamp = {2013.11.11}
}

@BOOK{wade1993,
  title = {A comprehensive Russian grammar},
  publisher = {Blackwell},
  year = {1993},
  author = {Wade, Terence L. B.},
  address = {Oxford},
  owner = {igor},
  timestamp = {2013.12.17}
}

@BOOK{zlato41970,
  title = {Algoritm preobrazovanija russkih orfograficheskih tekstov v foneticheskuju
	zapis'},
  publisher = {-},
  year = {1970},
  author = {Zlatoustova, L.V. and Kodzasov, S.V. and Krivnova, O.F. and Frolova,
	I.G.},
  owner = {igor},
  timestamp = {2014.01.11}
}

