George Vernadsky (Hg.): Russian History. A Source Book. Volume 3: Alexander II to the February
Revolution. New Haven, London 1972
Gentzen, Felix-Heinrich: Grosspolen im Januaraufstand. Das Großherzogtum Posen 1858 – 1864,
Berlin 1958
Kowalski, Józef: Die russische revolutionäre Demokratie und der polnische Aufstand 1863 , Berlin
1954
Leslie, Robert Frank: Reform and insurrection in Russian Poland 1856 – 1865, London 1963

@Book{gentzen1958,
 title = {Grosspolen im Januaraufstand. Das Großherzogtum Posen 1858 – 1864},
 publisher = {Rütten \& Loening},
 year = {1958},
  OPTaddress = {Berlin},
   author = {Gentzen, Felix-Heinrich}
 }

@Book{kowalski1954,
 title = {Die russische revolutionäre Demokratie und der polnische Aufstand 1863},
 publisher = {Rütten \& Loening},
 year = {1954},
  OPTaddress = {Berlin},
   author = {Kowalski, Józef}
 }
@Book{leslie1963,
 title = {Reform and insurrection in Russian Poland 1856 – 1865},
 publisher = {Univ. of London, Athlone Press},
 year = {1963},
  OPTaddress = {London},
   author = {Leslie, Robert Frank}
 }
@InBook{source1972,
 title = {Russian History. A Source
Book. Volume 3: Alexander II to the February Revolution},
 chapter = {},
 publisher = {Yale Univ. Press},
 year = {1972},
 ALTauthor = {},
 editor = {George Vernadsky},
 OPTkey = {},
 OPTvolume = {},
 OPTnumber = {},
 OPTseries = {},
 OPTtype = {},
 OPTaddress = {New Haven, London},
 OPTedition = {},
 OPTmonth = {},
 OPTpages = {},
 OPTnote = {},
 OPTannote = {},
 OPTurl = {},
 OPTurldate = {},
 OPTlastchecked = {},
 OPTdoi = {},
 OPTisbn = {},
 OPTissn = {},
 OPTlocalfile = {},
 OPTabstract = {},
 OPTkeywords = {},
}
