% Encoding: UTF8

Avenarius, Richard: Der Größenwahn. Erscheinungsbilder und Entstehungsweise, Berlin 1978
@Book{avenarius,
 title = {Der Größenwahn. Erscheinungsbilder und Entstehungsweise},
 publisher = {Springer},
 year = {1978},
  OPTaddress = {Berlin},
   author = {Avenarius, Richard}
 }

Alekseev, Valerij: Što za nevedomaja sila. In: Černyj monach, Bochum 1999, S. 55-62
@InCollection{alekseev,
 author = {Alekseev, Valerij},
 title = {Što za nevedomaja sila},
 booktitle = {Černyj monach},
 OPTpages = {55-62},
 OPTpublisher = {Anton Tschechow Verl.},
 OPTyear = {1999},
 OPTeditor = {},
  OPTaddress = {Bochum}
}
Brittnacher, Hans Richard: Ästhetik des Horrors. Gespenster, Vampire, Monster, Teufel und
künstliche Menschen in der phantastischen Literatur, Frankfurt a. M. 1994
@Book{brittnacher,
 title = {Ästhetik des Horrors. Gespenster, Vampire, Monster, Teufel und
künstliche Menschen in der phantastischen Literatur},
 publisher = {Suhrkamp},
 year = {1994},
  OPTaddress = {Frankfurt am Main},
   author = {Brittnacher, Hans Richard}
 }

Dudek, Andrzej: The Motif of Insanity in Checkov's Works. In: Joe Andrew (Ed.): Essays in Poetics
30 (2005), Staffordshire 2005
The Motif of Insanity in Chekhov's Works: Literary Functions and Anthropological Connotations, “Essays in Poetics. The Journal of the British Neo-Formalist Circle”. Chekhov Special Issues in Two Volumes. Volume I: Aspects of Chekhov, 2005, pp. 60-74;
@InCollection{dudek,
 author = {Dudek, Andrzej},
 title = {The Motif of Insanity in Chekhov's Works: Literary Functions and Anthropological Connotations},
 booktitle = {Chekhov 2004: Chekhov special issues in two volumes},
 OPTpages = {60-74},
 OPTpublisher = {Keele Univ.},
 OPTyear = {2005},
 OPTeditor = {Joe Andrew},
  OPTaddress = {Staffordshire}
}
Freise, Matthias: Die Prosa Anton Čechovs: eine Untersuchung im Ausgang von Einzelanalysen,
Amsterdam 1997
@Book{freise97,
 title = {Die Prosa Anton Čechovs: eine Untersuchung im Ausgang von Einzelanalysen},
 publisher = {Rodopi},
 year = {1997},
  OPTaddress = {Amsterdam},
   author = {Freise, Matthias}
 }

Freise, Matthias: Personendarstellung und Personenbewußtsein bei Čechov - die Erzählung "Cernyj
Monach". In: Aage A. Ansen, Tillmann Reuther (Hrsg.):Wiener Slawistischer Almanach 28, Wien
1991, S. 89-106.
@InCollection{freise91,
 author = {Freise, Matthias},
 title = {Personendarstellung und Personenbewußtsein bei Čechov - die Erzählung "Cernyj Monach"},
 booktitle = {Wiener Slawistischer Almanach 28},
 OPTpages = {89-106},
 OPTpublisher = {},
 OPTyear = {1991},
 OPTeditor = {Aage A. Ansen and Tillmann Reuther },
  OPTaddress = {Wien}
}
Günther-Hielscher, Karla: Tschechow: eine Einführung, München 1987
@Book{hielscher,
 title = {Tschechow: eine Einführung},
 publisher = {Artemis-Verl.},
 year = {1987},
  OPTaddress = {München},
   author = {Günther-Hielscher, Karla}
 }

Kataev, Vladimir: Proza Čechova. problemy interpretacii, Moskva 1979
@Book{kataev,
 title = {Proza Čechova. problemy interpretacii},
 publisher = {Izd. Moskovskogo Univ.},
 year = {1979},
  OPTaddress = {Moskva},
   author = {Kataev, Vladimir}
 }

Kluge, Rolf-Dieter.: Nachwort. In: Der schwarze Mönch. Russisch/Deutsch, Stuttgart 1996, S. 105-
115
@InCollection{kluge,
 author = {Kluge, Rolf-Dieter},
 title = {Nachwort},
 booktitle = {Der schwarze Mönch. Russisch/Deutsch},
 OPTpages = {105-115},
 OPTpublisher = {Reclam},
 OPTyear = {1996},
 OPTeditor = {},
  OPTaddress = {Stuttgart}
}
Meve, Evgenij Borisovič: Medicina v tvorčestve i žizni A.P. Čechova, Kiev 1961
@Book{meve,
 title = {Medicina v tvorčestve i žizni A.P. Čechova},
 publisher = {Gos. med. izd.},
 year = {1961},
  OPTaddress = {Kiev},
   author = {Meve, Evgenij Borisovič}
 }

Senderovič, Savelij: Čechov - s glazu na glaz: istorija odnoj oderžimosti A. P. Čechova; opyt
fenomenologii tvorčestva, Sankt-Peterburg 1994
@Book{senderovich,
 title = {Čechov - s glazu na glaz: istorija odnoj oderžimosti A. P. Čechova; opyt fenomenologii tvorčestva},
 publisher = {Dmitrij Bulanin},
 year = {1994},
  OPTaddress = {Sankt-Peterburg},
   author = {Senderovič, Savelij}
 }

Sonnleitner, Julia Cornelia Gabriella: Anton Čechov und Mark Aurel. Ein Vergleich anhand der
Skučnaja istorija, Černyj Monach und Palata No. 6, Wien 2008
@Unpublished{sonnleitner,
 author = {Sonnleitner, Julia Cornelia Gabriella},
 title = {Anton Čechov und Mark Aurel. Ein Vergleich anhand der
Skučnaja istorija, Černyj Monach und Palata No. 6},
 note = {Magisterarbeit},
 OPTkey = {},
 OPTmonth = {},
 OPTyear = {2008},
 OPTannote = {},
 OPTurl = {http://othes.univie.ac.at/3041/1/2008-11-26_0106409.pdf},
 OPTurldate = {2011-2-28},
 OPTlastchecked = {},
 OPTdoi = {},
 OPTisbn = {},
 OPTissn = {},
 OPTlocalfile = {},
 OPTabstract = {},
 OPTkeywords = {},
}



Strelcova, Elena: Черный Монах в контексте нового завета. In: Vladimir B. Kataev, Rolf-Dieter
Kluge, Regine Nohejl (Hrsg.): Anton P. Čechov - philosophische und religiöse Dimensionen im
Leben und im Werk : Vorträge des Zweiten Internationalen Čechov-Symposiums Badenweiler, 20. -
24. Oktober 1994, München 1997, S. 491- 495
@InCollection{strelcova,
 author = {Strelcova, Elena},
 title = {Chernyj monach v kontekste novogo zaveta},
 booktitle = {Anton P. Čechov - philosophische und religiöse Dimensionen im
Leben und im Werk : Vorträge des Zweiten Internationalen Čechov-Symposiums Badenweiler, 20. -
24. Oktober 1994},
 OPTpages = {491-495},
 OPTpublisher = {Sagner},
 OPTyear = {1997},
 OPTeditor = {Vladimir B. Kataev and Rolf-Dieter Kluge and Regine Nohejl},
  OPTaddress = {München}
}

Winner, Thomas Gustav: Chekhov and his prose, New York 1966
@Book{winner,
 title = {Chekhov and his prose},
 publisher = {Holt, Rinehart and Winston},
 year = {1966},
  OPTaddress = {New York},
   author = {Winner, Thomas Gustav}
 }

Wöll, Alexander: Doppelgänger, Steinmonument, Spiegelschrift und Usurpation in der russischen
Literatur. In: Wolf Schmid (Hrsg.): Slavische Literaturen Bd. 17, Frankfurt a. M. 1999
@Book{woell,
 title = {Doppelgänger, Steinmonument, Spiegelschrift und Usurpation in der russischen
Literatur},
 publisher = {Lang},
 year = {1999},
  OPTaddress = {Frankfurt am Main},
   author = {Wöll, Alexander}
 }

Wörn, Dietrich: Čechovs Černyj monach (1894) und die Archetypenlehre C.G. Jungs. In: Anton P.
Čechov. Wiesbaden 1990, S. 353-394
@InCollection{woern,
 author = {Wörn, Dietrich},
 title = {Čechovs Černyj monach (1894) und die Archetypenlehre C.G. Jungs},
 booktitle = {Anton P. Čechov},
 OPTpages = {353-394},
 OPTpublisher = {},
 OPTyear = {1990},
 OPTeditor = {},
  OPTaddress = {Wiesbaden}
}
„A.P. Čechov: Polnoe Sobranie Sočinenij i Pisem. Tom 8. (1892-1894),
Moskva 1977“
@Book{blackmonk,
 title = {Polnoe Sobranie Sočinenij i Pisem. Tom 8 (1892-1894)},
 publisher = {},
 year = {1999},
  OPTaddress = {Moskva},
   author = {A.P. Čechov}
 }
