@InCollection{kogel2007,
 author = {Kogelfranz, Siegfried},
 title = {Herrschaft der Greise},
 booktitle = {Spiegel Geschichte. Experiment Kommunismus},
 OPTcrossref = {},
 OPTkey = {},
 OPTpages = {114-117},
 OPTpublisher = {},
 OPTyear = {2007},
 OPTeditor = {},
 OPTvolume = {},
 OPTnumber = {},
 OPTseries = {},
 OPTtype = {},
 OPTchapter = {},
 OPTaddress = {},
 OPTedition = {},
 OPTmonth = {},
 OPTnote = {},
 OPTannote = {},
 OPTurl = {},
 OPTurldate = {},
 OPTlastchecked = {},
 OPTdoi = {},
 OPTisbn = {},
 OPTissn = {},
 OPTlocalfile = {},
 OPTabstract = {},
 OPTkeywords = {},
}
@InCollection{neef2007,
 author = {Neef, Christian},
 title = {Aufbruch ins Chaos},
 booktitle = {Spiegel Geschichte. Experiment Kommunismus},
 OPTpages = {123-131},
 OPTpublisher = {},
 OPTyear = {2007},
}

Neef, Christian (2007): Aufbruch ins Chaos. In: Spiegel Geschichte. Experiment
Kommunismus, 4, 2007, S. 123-131.
Segbers, Klaus (1989): Der sowjetische Systemwandel. Frankfurt am Main.
Simon, Gerhard; Simon, Nadja (1993): Verfall und Untergang des sowjetischen
Imperiums. München.
Trutanow, Igor (1994): Zwischen Koran und Coca Cola. Berlin.
Zaslavsky, Victor (1991): Das russische Imperium unter Gorbatschow. Seine ethnische
Struktur und ihre Zukunft. Berlin.
@Book{zaslav1991,
 title = {Das russische Imperium unter Gorbatschow. Seine ethnische
Struktur und ihre Zukunft},
 publisher = {},
 year = {1993},
 author = {Zaslavsky, Victor},
 ALTeditor = {},
 OPTkey = {},
 OPTvolume = {},
 OPTnumber = {},
 OPTseries = {},
 OPTaddress = {Berlin},
 OPTedition = {},
 OPTmonth = {},
 OPTnote = {},
 OPTannote = {},
 OPTurl = {},
 OPTurldate = {},
 OPTlastchecked = {},
 OPTdoi = {},
 OPTisbn = {},
 OPTissn = {},
 OPTlocalfile = {},
 OPTabstract = {},
 OPTkeywords = {},
}

@Book{trut1994,
 title = {Zwischen Koran und Coca Cola},
 publisher = {},
 year = {1994},
 ALTauthor = {},
 editor = {Trutanow, Igor},
 OPTkey = {},
 OPTvolume = {},
 OPTnumber = {},
 OPTseries = {},
 OPTaddress = {Berlin},
 OPTedition = {},
 OPTmonth = {},
 OPTnote = {},
 OPTannote = {},
 OPTurl = {},
 OPTurldate = {},
 OPTlastchecked = {},
 OPTdoi = {},
 OPTisbn = {},
 OPTissn = {},
 OPTlocalfile = {},
 OPTabstract = {},
 OPTkeywords = {},
}

@Book{simon1993,
 title = {Das russische Imperium unter Gorbatschow. Seine ethnische
Struktur und ihre Zukunft},
 publisher = {},
 year = {1993},
 author = {Simon, Gerhard und Simon, Nadja },
 ALTeditor = {},
 OPTkey = {},
 OPTvolume = {},
 OPTnumber = {},
 OPTseries = {},
 OPTaddress = {München},
 OPTedition = {},
 OPTmonth = {},
 OPTnote = {},
 OPTannote = {},
 OPTurl = {},
 OPTurldate = {},
 OPTlastchecked = {},
 OPTdoi = {},
 OPTisbn = {},
 OPTissn = {},
 OPTlocalfile = {},
 OPTabstract = {},
 OPTkeywords = {},
}

@Book{segbers1989,
 title = {Der sowjetische Systemwandel},
 publisher = {},
 year = {1989},
 author = {Segbers, Klaus},
 ALTeditor = {},
 OPTkey = {},
 OPTvolume = {},
 OPTnumber = {},
 OPTseries = {},
 OPTaddress = {Frankfurt am Main},
 OPTedition = {},
 OPTmonth = {},
 OPTnote = {},
 OPTannote = {},
 OPTurl = {},
 OPTurldate = {},
 OPTlastchecked = {},
 OPTdoi = {},
 OPTisbn = {},
 OPTissn = {},
 OPTlocalfile = {},
 OPTabstract = {},
 OPTkeywords = {},
}
