% Encoding: UTF8


 (2009): . In: Osteuropa
59/12, 2009. S. 309-315.
@Article{berger,
 author = {Berger, Tillman},
 title = {Potemkin im Netz. Slovio und die Pseudo-Panslawen},
 journal = {Osteuropa},
 year = {2009},
 OPTkey = {},
 OPTvolume = {59},
 OPTnumber = {12},
 OPTpages = {309-315},
}
Botušans'kyj, Vasyl' M.(2000): Die Ukrainer und der Prager Slavenkongreß. In: Andreas
Moritsch (Hg.): Der Prager Slavenkongreß. Wien. S. 115-123.
@InCollection{botushans,
 author = {Botušans'kyj, Vasyl' M},
 title = {Die Ukrainer und der Prager Slavenkongreß},
 booktitle = {Der Prager Slavenkongreß},
 OPTpages = {115-123},
 OPTpublisher = {Böhlau},
 OPTyear = {2000},
 OPTeditor = {Andreas Moritsch},
}

Brächter, Sabine (2010): Messianismus – Grundstrukturen einer Geisteshaltung,
exemplifiziert anhand des Marxismus und des polnischen Messianismus. Online Artikel unter
URL: http://petertepe.de/mim/journalMIM/band01/SB_messianismus.htm (28.2.2012).

@ONLINE{braechter,
author = {Brächter, Sabine},
title = {Messianismus – Grundstrukturen einer Geisteshaltung,
exemplifiziert anhand des Marxismus und des polnischen Messianismus},
year = {2010},
url = {http://petertepe.de/mim/journalMIM/band01/SB_messianismus.htm},
 urldate= {2012-2-28}

}
Busek, Erhard (2000): Die Polen und der Prager Slavenkongreß. In: Andreas Moritsch (Hg.):
Der Prager Slavenkongreß. Wien. S. VII – X.
@InCollection{busek,
 author = {Busek, Erhard},
 title = {Einführung},
 booktitle = {Der Prager Slavenkongreß},
 OPTpages = {VII - X},
 OPTpublisher = {Böhlau},
 OPTyear = {2000},
 OPTeditor = {Andreas Moritsch},
}

Cetnarowicz, Antoni (2000): Die Polen und der Prager Slavenkongreß. In: Andreas Moritsch
(Hg.): Der Prager Slavenkongreß. Wien. S. 103-114.
@InCollection{cetnarow,
 author = {Cetnarowicz, Antoni},
 title = {Die Polen und der Prager Slavenkongreß},
 booktitle = {Der Prager Slavenkongreß},
 OPTpages = {103-114},
 OPTpublisher = {Böhlau},
 OPTyear = {2000},
 OPTeditor = {Andreas Moritsch},
}

Fal'kovič, Svetlana M. (1996): Die polnische Nationalbewegung zwischen Panslavismus,
Pangermanismus und Austroslavismus. In: Osteuropäische Geschichte in vergleichender
Sicht. Berlin. S. 251-266.
@InCollection{falkovic,
 author = {Fal'kovič, Svetlana M.},
 title = {Die polnische Nationalbewegung zwischen Panslavismus, Pangermanismus und Austroslavismus},
 booktitle = {Osteuropäische Geschichte in vergleichender Sicht},
 OPTpages = {251-266},
 OPTpublisher = {Akad.-Verl.},
 OPTyear = {1996},
  OPTaddress = {Berlin},
 OPTeditor = {Müller, Michael G.}
}
Hahn, Hans Henning (2008): Der Austroslawismus. Vom kulturellen Identitätsdiskurs zum
politischen Konzept. In: Gun-Britt Kohler; Rainer Grübel; Hans Henning Hahn (Hrsg.):
Habsburg und die Slavia. Frankfurt am Main. S. 49-74
@InCollection{hahn,
 author = {Hahn, Hans Henning},
 title = {Der Austroslawismus. Vom kulturellen Identitätsdiskurs zum politischen Konzept},
 booktitle = {Osteuropäische Geschichte in vergleichender Sicht},
 OPTpages = {49-74},
 OPTpublisher = {Lang},
 OPTyear = {1996},
 OPTeditor = {Gun-Britt Kohler and Rainer Grübel and Hans Henning Hahn },
  OPTaddress = {Frankfurt am Main}
}
Herder, Johann Gottfried (1965): Ideen zur Philosophie der Geschichte der Menschheit.
Berlin, Weimar. S. 279-282.
@Book{herder,
 title = {Ideen zur Philosophie der Geschichte der Menschheit},
 publisher = {Aufbau-Verl.},
 year = {1965},
  OPTaddress = {Berlin, Weimar},
   author = {Johann Gottfried Herder}
 }

Hunczak, Taras (1974): Russian imperialism from Ivan the Great to the revolution. New
Brunswick, NJ.
@Book{hunczak,
 title = {Russian imperialism from Ivan the Great to the revolution},
 publisher = {Rutgers Univ. Press},
 year = {1974},
  OPTaddress = {New Brunswick, NJ},
   author = {Hunczak, Taras}
 }


Kohn, Hans (1956): Die Slawen und der Westen. Die Geschichte des Panslawismus. Wien.
@Book{kohn,
 title = {Die Slawen und der Westen. Die Geschichte des Panslawismus},
 publisher = {Herold},
 year = {1956},
  OPTaddress = {Wien},
   author = {Kohn, Hans}
 }

Moritsch, Andreas (2000): Revolution 1848 – Österreichs Slaven wohin? In: Andreas
Moritsch (Hg.): Der Prager Slavenkongreß. Wien. S. 5-19.
@InCollection{moritsch,
 author = {Moritsch, Andreas},
 title = {Revolution 1848 – Österreichs Slaven wohin?},
 booktitle = {Der Prager Slavenkongreß},
 OPTpages = {5-19},
 OPTpublisher = {Böhlau},
 OPTyear = {2000},
 OPTeditor = {Andreas Moritsch},
}
Koz'menko, I.V. (1969): D. Makkenzi. Serby i russkij panslavizm. 1875-1878. In: Voprosy
istorii 1, 1969. Moskva. S. 188-191.
@Article{kozmenko,
 author = {Koz'menko, I.V.},
 title = {D. Makkenzi. Serby i russkij panslavizm. 1875-1878},
 journal = {Voprosy Istorii},
 year = {1969},
 OPTkey = {},
 OPTvolume = {1},
 OPTpages = {188-191},
}
Moritsch, Andreas (1996): Austroslavismus. Ein verfrühtes Konzept zur politischen
Neugestaltung Mitteleuropas? In: ders. (Hg.): Der Austroslavismus : ein verfrühtes Konzept
zur politischen Neugestaltung Mitteleuropas. Wien, Köln und Weimar S. 11-23.
@InCollection{moritsch1996,
 author = {Moritsch, Andreas},
 title = {Austroslavismus. Ein verfrühtes Konzept zur politischen
Neugestaltung Mitteleuropas?},
 booktitle = {Der Austroslavismus : ein verfrühtes Konzept
zur politischen Neugestaltung Mitteleuropas},
 OPTpages = {11-23},
 OPTpublisher = {Böhlau},
 OPTyear = {1996},
   OPTaddress = {Wien, Köln und Weimar},
OPTeditor = {Andreas Moritsch}
}

Nicoll, G. Douglas (1982): Panslavism. In: The Modern Encyclopedia of Russian and Soviet
History 26, Gulf Breeze, Fla. S. 229-236.
@InCollection{nicoll,
 author = {Nicoll, G. Douglas },
 title = {Panslavism},
 booktitle = {The Modern Encyclopedia of Russian and Soviet
History 26},
 OPTpages = {229-236},
 OPTpublisher = { Acad. Internat. Press},
 OPTyear = {1982},
   OPTaddress = {Gulf Breeze, Fla.}
}
Orton, Lawrence D. (1978): The Prague slav congress of 1848. Boulder, Colo.
@Book{orton,
 title = {The Prague slav congress of 1848},
 publisher = { East European Quarterly [u.a.]},
 year = {1978},
  OPTaddress = {Boulder, Colo.},
   author = {Orton, Lawrence D.}
 }

Osterrieder, Markus (2000): Johann G. Herder und die Slaven. Online Artikel unter URL:
http://www.celtoslavica.de/bibliothek/herder_slaven.html (28.2.2012)
@ONLINE{osterrieder,
author = {Osterrieder, Markus},
title = {Johann G. Herder und die Slaven},
year = {2000},
url = {http://www.celtoslavica.de/bibliothek/herder_slaven.html},
 urldate= {2012-2-28}

}

Pokorný, Jiri (2000): Die Polen und der Prager Slavenkongreß. In: Andreas Moritsch (Hg.):
Der Prager Slavenkongreß. Wien. S. 63-70.
@InCollection{pokorny,
 author = {Pokorný, Jiri},
 title = {Die Polen und der Prager Slavenkongreß},
 booktitle = {Der Prager Slavenkongreß},
 OPTpages = {63-70},
 OPTpublisher = {Böhlau},
 OPTyear = {2000},
   OPTaddress = {Wien},
OPTeditor = {Andreas Moritsch}
}
Puškin, Аleksandr S. (2008): Izbrannaja lirika. Sankt-Peterburg.
@Book{pushkin,
 title = {Izbrannaja lirika},
 publisher = {Izdat. Paritet},
 year = {2008},
  OPTaddress = {Sankt-Peterburg},
   author = {Puškin, Aleksandr S.}
 }

Riasanovsky, Nicholas V. (1983): Slavophilism. In: The Modern Encyclopedia of Russian and
Soviet History 35, Gulf Breeze, Fla. S. 229-232.
@InCollection{riasan,
 author = {Riasanovsky, Nicholas V.},
 title = {Slavophilism},
 booktitle = {The Modern Encyclopedia of Russian and Soviet
History 35},
 OPTpages = {229-232},
 OPTpublisher = { Acad. Internat. Press},
 OPTyear = {1983},
   OPTaddress = {Gulf Breeze, Fla.}
}

Šidak, Jaroslav (1969): Der Illyrismus – Ideen und Probleme. In. L'udovít Holotík (Hg.):
L'udovít Štúr und die slawische Wechselseitigkeit. Gesamte Referate und die integrale
Diskussion der wissenschaftlichen Tagung in Smolenice, 27. - 29. Juni 1966. Bratislava. S.
61-89.
@InCollection{shidak,
 author = {Šidak, Jaroslav },
 title = {Der Illyrismus – Ideen und Probleme},
 booktitle = {L'udovít Štúr und die slawische Wechselseitigkeit. Gesamte Referate und die integrale
Diskussion der wissenschaftlichen Tagung in Smolenice, 27. - 29. Juni 1966},
 OPTpages = {61-89},
 OPTpublisher = {Verl. der Slowakischen Akad. der Wiss. [u.a.]},
 OPTyear = {1969},
   OPTaddress = {Bratislava}
}
Troebst, Stefan (2009): Slavizität. Identitätsmuster, Analyserahmen, Mythos. In: Osteuropa
59/12, 2009, S. 7-19.
@Article{troebst,
 author = {Troebst, Stefan},
 title = {Slavizität. Identitätsmuster, Analyserahmen, Mythos},
 journal = {Osteuropa},
 year = {2009},
 OPTkey = {},
 OPTvolume = {59},
 OPTnumber = {12},
 OPTpages = {7-19},
}
Vyšný, Paul (1977): Neo-Slavism and the Czechs. 1898-1914. Cambridge.
@Book{vyshny,
 title = {Neo-Slavism and the Czechs. 1898-1914},
 publisher = {Cambridge Univ. Pr.},
 year = {1977},
  OPTaddress = {Cambridge},
   author = {Vyšný, Paul}
 }

Walicki, Andrzej (1969): Die Beziehungen L. Štúrs zu den russischen Slawophilen. In.
L'udovít Holotík (Hg.): L'udovít Štúr und die slawische Wechselseitigkeit. Gesamte Referate
und die integrale Diskussion der wissenschaftlichen Tagung in Smolenice, 27. - 29. Juni 1966.
Bratislava. S. 406-408.
@InCollection{walicki,
 author = {Walicki, Andrzej},
 title = {Die Beziehungen L. Štúrs zu den russischen Slawophilen},
 booktitle = {L'udovít Štúr und die slawische Wechselseitigkeit. Gesamte Referate und die integrale
Diskussion der wissenschaftlichen Tagung in Smolenice, 27. - 29. Juni 1966},
 OPTpages = {406-408},
 OPTpublisher = {Verl. der Slowakischen Akad. der Wiss. [u.a.]},
 OPTyear = {1969},
   OPTaddress = {Bratislava}
}