Bedürftig, Friedemann: Lexikon Staufer. München: Piper 2000.
Bezzola, Gian Andri: Die Mongolen in abendländischer Sicht (1220 – 1270). Ein
Beitrag zur Frage der Völkerbegegnungen. Bern [u.a.]: Francke 1974.
Heinisch, Klaus: Kaiser Friedrich der Zweite in Briefen und Berichten seiner Zeit.
Darmstadt: Wiss. Buchges. 1977.
Rader, Olaf: Friedrich II.. Der Sizilianer auf dem Kaiserthron. Eine Biographie.
München: Beck 2010.
Rotter, Ekkehart: Friedrich II. von Hohenstaufen. München: Dt. Taschenbuch-Verl.
2000.
Schaller, Hans Martin: Kaiser Friedrich II. Verwandler der Welt. Göttingen/Zürich:
Muster-Schmidt 1998.
@Book{schaller1998,
 title = {Kaiser Friedrich II. Verwandler der Welt},
 publisher = {Muster-Schmidt},
 year = {1998},
  OPTaddress = {Göttingen/Zürich},
   author = {Schaller, Hans Martin}
 }

@Book{beduerf2000,
 title = {Lexikon Staufer},
 publisher = {Piper},
 year = {2000},
  OPTaddress = {München},
   author = {Bedürftig, Friedemann}
 }
@Book{bezzola1974,
 title = {Die Mongolen in abendländischer Sicht (1220 – 1270). Ein
Beitrag zur Frage der Völkerbegegnungen},
 publisher = {Francke},
 year = {2000},
  OPTaddress = {Bern},
   author = {Bezzola, Gian Andri}
 }
@Book{heinisch1977,
 title = {Kaiser Friedrich der Zweite in Briefen und Berichten seiner Zeit},
 publisher = {Wiss. Buchges.},
 year = {1977},
  OPTaddress = {Darmstadt},
   author = {Heinisch, Klaus}
 }
@Book{rader2010,
 title = {Friedrich II.. Der Sizilianer auf dem Kaiserthron. Eine Biographie},
 publisher = {Beck},
 year = {2010},
  OPTaddress = {München},
   author = {Olaf Rader}
 }
@Book{rotter2000,
 title = {Friedrich II. von Hohenstaufen},
 publisher = {Dt. Taschenbuch-Verl.},
 year = {2000},
  OPTaddress = {München},
   author = {Ekkehart Rotter}
 }
