% This file was created with JabRef 2.9.2.
% Encoding: UTF8

@ARTICLE{bailey1955,
  author = {S. Bailey},
  title = {Stalin's Falsification of History: The Case of the Brest-Litovsk},
  journal = {Russian Review},
  year = {1955},
  volume = {14},
  pages = {24-35},
  owner = {igor},
  timestamp = {2014.02.12}
}

@BOOK{baum1966,
  title = {Deutsche Ostpolitik 1918 : von Brest-Litowsk bis zum Ende des Ersten
	Weltkrieges},
  publisher = {Oldenbourg},
  year = {1966},
  author = {W. Baumgart},
  owner = {igor},
  timestamp = {2014.02.10}
}

@BOOK{baum1969,
  title = {Brest-Litovsk.},
  publisher = {Vandenhoeck und Ruprecht},
  year = {1969},
  author = {W. Baumgart and K. Repgen},
  owner = {igor},
  timestamp = {2014.02.07}
}

@ARTICLE{bere1965,
  author = {A. V. Berezkin},
  title = {Brestskij Mir i pozicija SŠA},
  journal = {Vorposy Istorii},
  year = {1965},
  volume = {7},
  pages = {52-61},
  owner = {igor},
  timestamp = {2014.02.07}
}

@BOOK{chuba1964,
  title = {Brestkij Mir},
  publisher = {Nauka},
  year = {1964},
  author = {A. O. Čubarjan},
  owner = {igor},
  timestamp = {2014.02.07}
}

@INCOLLECTION{debo1994,
  author = {R. K. Debo},
  title = {G. V. Chicherin: A Historical Perspective},
  booktitle = {Soviet Foreign Policy 1917-1991},
  publisher = {Frank Cass},
  year = {1994},
  owner = {igor},
  timestamp = {2014.02.13}
}

@BOOK{debo1979,
  title = {Revolution and Survival. The foreign Policy of Soviet Russian 1917-1918.},
  publisher = {Univerity of Toronto Press},
  year = {1979},
  author = {R. K. Debo},
  owner = {igor},
  timestamp = {2014.02.07}
}

@BOOK{fels2012,
  title = {Lenin, Trotsky, Germany and the Treaty of Brest-Litovsk},
  publisher = {Russell Enterprises},
  year = {2012},
  author = {Jurij Felštinskij},
  owner = {igor},
  timestamp = {2014.02.17}
}

@BOOK{fels_1992,
  title = {Krušenie mirovoj revolucii. Brestskij mir.},
  publisher = {Terra},
  year = {1992},
  author = {Jurij Felštinskij},
  address = {Moskva},
  owner = {igor},
  timestamp = {2014.02.17}
}

@INCOLLECTION{fink1994,
  author = {C. Fink},
  title = {The NEP in Foreign Policy: The Genoa Conference and the Treaty of
	Rapallo},
  booktitle = {Soviet Foreign Policy 1917-1991},
  publisher = {Frank Cass},
  year = {1994},
  owner = {igor},
  timestamp = {2014.02.13}
}

@INCOLLECTION{goro1994,
  author = {Gabriel Gorodetsky},
  title = {The Formulation of Soviet Foreign Policy -- Ideology and Realpolitik},
  booktitle = {Soviet Foreign Policy 1917-1991},
  publisher = {Frank Cass},
  year = {1994},
  owner = {igor},
  timestamp = {2014.02.13}
}

@INCOLLECTION{goro1994_2,
  author = {Gabriel Gorodetsky},
  title = {Introduction},
  booktitle = {Soviet Foreign Policy 1917-91},
  publisher = {Frank Cass},
  year = {1994},
  owner = {igor},
  timestamp = {2014.02.13}
}

@ARTICLE{goshu1982,
  author = {I. L. Gošuljak},
  title = {Brestskij Mir i Ukraina},
  journal = {Vorposy Istorii},
  year = {1982},
  volume = {12},
  pages = {121-124},
  owner = {igor},
  timestamp = {2014.02.07}
}

@BOOK{horak1988,
  title = {The First Treaty of World War I. Ukraine's Treaty with the Central
	Powers of February 9, 1918},
  publisher = {East European Monographs},
  year = {1988},
  author = {S. M. Horak},
  owner = {igor},
  timestamp = {2014.02.07}
}

@BOOK{jacon1994,
  title = {When the Soviet Union entered world politics},
  publisher = {Univ. of California Press},
  year = {1994},
  author = {J. Jacobson},
  owner = {igor},
  timestamp = {2014.02.12}
}

@INCOLLECTION{lenin_voj,
  author = {V. I. Lenin},
  title = {Vojna i revolucija},
  booktitle = {Polnoe sobranie sočinenij},
  publisher = {Izdat. Političeskoj Literatury},
  year = {1970},
  owner = {igor},
  timestamp = {2014.02.10}
}

@ARTICLE{maio1954,
  author = {S. M. Maiorov},
  title = {Bor'ba sovetskogo pravitel'stva v konce 1917 g. za vseobščij demokratičeskij
	mir},
  journal = {Vorposy Istorii},
  year = {1954},
  volume = {8},
  pages = {8-20},
  owner = {igor},
  timestamp = {2014.02.07}
}

@ARTICLE{maka2010,
  author = {P. V. Makarenko},
  title = {Bol'ševiki i Brestskij mir},
  journal = {Voprosy Istorii},
  year = {2010},
  volume = {3},
  pages = {3-21},
  owner = {igor},
  timestamp = {2014.02.07}
}

@BOOK{proto1958,
  title = {Protokoly centcentral komiteta RSDRP/b/: avgust 1917 - fevral' 1918},
  publisher = {Gos. Izdat. Polit. Lit.},
  year = {1958},
  author = {Institut Marksizma-Leninizma},
  address = {Moskva},
  owner = {igor},
  timestamp = {2014.02.13}
}

@BOOK{marples2011,
  title = {Russia in the twenthieth century.},
  publisher = {Pearson},
  year = {2011},
  author = {D. R. Marples},
  owner = {igor},
  timestamp = {2014.02.07}
}

@ARTICLE{fadden1993,
  author = {David McFadden},
  title = {Soviet Negotianing Behavior: A Research Design},
  journal = {Canadian Slavonic Papers},
  year = {1993},
  volume = {3/4},
  pages = {87-102},
  owner = {igor},
  timestamp = {2014.02.12}
}

@BOOK{kenzie1994,
  title = {From Messianism to Collapse: Soviet Foreign Policy, 1917-1991},
  publisher = {Harcourt Brace College Publ.},
  year = {1994},
  author = {D. McKenzie},
  owner = {igor},
  timestamp = {2014.02.12}
}

@BOOK{michu2007,
  title = {Ukrainskij-Brestkij mir.},
  publisher = {Evropa},
  year = {2007},
  author = {I. Michutina},
  owner = {igor},
  timestamp = {2014.02.07}
}

@INCOLLECTION{dekret,
  author = {NA},
  title = {Dekret o mire},
  booktitle = {Dekrety Sovetskoj vlasti},
  publisher = {Institut Marksizma-Leninizma pri CK KPSS},
  year = {1957},
  editor = {Običkin, G. D.},
  volume = {1},
  owner = {igor},
  timestamp = {2014.02.07},
  url = {http://www.hist.msu.ru/ER/Etext/DEKRET/o_mire.htm}
}

@ARTICLE{osad1969,
  author = {A. I. Osadčaja},
  title = {Vopros o mire na III vserossijskom sjezde sovetov},
  journal = {Vorposy Istorii},
  year = {1969},
  volume = {4},
  pages = {67-77},
  owner = {igor},
  timestamp = {2014.02.07}
}

@ARTICLE{pand1990,
  author = {A. V. Pancov},
  title = {Istorija sovetskogo obščestva v novom osveščenii. Brestskij Mir.},
  journal = {Voprosy Istorii},
  year = {1990},
  volume = {2},
  pages = {60-79},
  owner = {igor},
  timestamp = {2014.02.07}
}

@BOOK{petro21997,
  title = {Russian Foreign Policy},
  publisher = {Longman},
  year = {1997},
  author = {N. Petro and A. Rubinstein},
  owner = {igor},
  timestamp = {2014.02.12}
}

@BOOK{pipes1992,
  title = {Die Russische Revolution. Die Macht der Bolschewiki.},
  publisher = {Rowohlt},
  year = {1992},
  author = {R. Pipes},
  volume = {2},
  owner = {igor},
  timestamp = {2014.02.07}
}

@BOOK{rauch1990,
  title = {Geschichte der Sowjetunion},
  publisher = {Kröner},
  year = {1990},
  author = {G. von Rauch},
  owner = {igor},
  timestamp = {2014.02.07}
}

@BOOK{serv2000,
  title = {Lenin. Eine Biographie.},
  publisher = {C.H. Beck},
  year = {2000},
  author = {R. Service},
  owner = {igor},
  timestamp = {2014.02.07}
}

@BOOK{wheeler1956,
  title = {Brest-Litovsk. The forgotten peace.},
  publisher = {MacMillan},
  year = {1956},
  author = {J. W. Wheeler-Bennett},
  owner = {igor},
  timestamp = {2014.02.07}
}

@BOOK{wolko1994,
  title = {Lenin. Utopie und Terror.},
  publisher = {ECON Verlag},
  year = {1994},
  author = {D. Wolkogonow},
  owner = {igor},
  timestamp = {2014.02.07}
}

